%%
%%
%%
@MISC{dpb,
  author = {Distributed Programming Basics},
  title = {Java Socket Programming},
  url = {http://homepages.uel.ac.uk/2795l/pages/javaapps.htm}
}

@ARTICLE{mrx05, 
	author = {Mr. X}, 
	title = {Something Great}, 
	journal = {harper}, 
	year = {2005}
} 

@BOOK{mrx01, 
	author = {Mr. X}, 
	title = {Something Great}, 
	publisher = {harper}, 
	year = {2005}
} 